<record><leader>00000cas a22000007a 4500</leader><controlfield tag="001">9693542</controlfield><controlfield tag="008">830712c19839999tnuwr ne      0   a0eng d</controlfield><datafield ind1=" " ind2=" " tag="010"><subfield code="a">sn 83007966 </subfield></datafield><datafield ind1=" " ind2=" " tag="040"><subfield code="a">NSD</subfield><subfield code="b">eng</subfield><subfield code="c">NSD</subfield><subfield code="d">TGN</subfield><subfield code="d">OCLCQ</subfield><subfield code="d">NSD</subfield><subfield code="d">OCLCQ</subfield><subfield code="d">OCLCF</subfield><subfield code="d">OCLCO</subfield></datafield><datafield ind1=" " ind2=" " tag="012"><subfield code="m">1</subfield></datafield><datafield ind1="1" ind2=" " tag="022"><subfield code="a">0746-0309</subfield><subfield code="l">0746-0309</subfield><subfield code="2">1</subfield></datafield><datafield ind1="1" ind2=" " tag="029"><subfield code="a">AU@</subfield><subfield code="b">000025803316</subfield></datafield><datafield ind1=" " ind2=" " tag="032"><subfield code="a">138320</subfield><subfield code="b">USPS</subfield></datafield><datafield ind1=" " ind2=" " tag="037"><subfield code="b">Crockett Times, 128 W. Main St., Alamo, TN, 38001</subfield></datafield><datafield ind1=" " ind2=" " tag="042"><subfield code="a">nsdp</subfield><subfield code="a">msc</subfield></datafield><datafield ind1=" " ind2="4" tag="222"><subfield code="a">The Crockett Co. sentinel, Tri-Co. news, Crockett times</subfield></datafield><datafield ind1="0" ind2="4" tag="245"><subfield code="a">The Crockett Co. sentinel, Tri-Co. news, Crockett times.</subfield></datafield><datafield ind1="1" ind2="3" tag="246"><subfield code="a">Crockett Times, Crockett Co. sentinel, tri-co. news</subfield></datafield><datafield ind1="3" ind2=" " tag="246"><subfield code="a">Crockett County sentinel, tri-county news, Crockett times</subfield></datafield><datafield ind1="3" ind2=" " tag="246"><subfield code="a">Crockett times, Crockett County sentinel, tri-county news</subfield></datafield><datafield ind1=" " ind2=" " tag="260"><subfield code="a">Alamo, Tenn. :</subfield><subfield code="b">Robert B. Sims,</subfield><subfield code="c">1983-</subfield></datafield><datafield ind1=" " ind2=" " tag="310"><subfield code="a">Weekly</subfield></datafield><datafield ind1="0" ind2=" " tag="362"><subfield code="a">110th yr., no. 44 (May 4, 1983)-</subfield></datafield><datafield ind1=" " ind2=" " tag="500"><subfield code="a">Publishers: Robert B. Sims, 1983-&lt;1988&gt;; Crockett Times Inc., &lt;1988&gt;-</subfield></datafield><datafield ind1=" " ind2=" " tag="580"><subfield code="a">Formed by the union of: Crockett times, Crockett County sentinel (Bells, Tenn. : 1940), and: Tri-county news (Friendship, Tenn.).</subfield></datafield><datafield ind1=" " ind2="0" tag="651"><subfield code="a">Alamo (Tenn.)</subfield><subfield code="v">Newspapers.</subfield></datafield><datafield ind1=" " ind2="0" tag="651"><subfield code="a">Crockett County (Tenn.)</subfield><subfield code="v">Newspapers.</subfield></datafield><datafield ind1=" " ind2="7" tag="655"><subfield code="a">Newspapers.</subfield><subfield code="2">fast</subfield><subfield code="0">(OCoLC)fst01423814</subfield></datafield><datafield ind1=" " ind2="7" tag="651"><subfield code="a">Tennessee</subfield><subfield code="z">Alamo.</subfield><subfield code="2">fast</subfield><subfield code="0">(OCoLC)fst01232104</subfield></datafield><datafield ind1=" " ind2="7" tag="651"><subfield code="a">Tennessee</subfield><subfield code="z">Crockett County.</subfield><subfield code="2">fast</subfield><subfield code="0">(OCoLC)fst01213737</subfield></datafield><datafield ind1=" " ind2=" " tag="752"><subfield code="a">United States</subfield><subfield code="b">Tennessee</subfield><subfield code="c">Crockett</subfield><subfield code="d">Alamo.</subfield></datafield><datafield ind1="1" ind2="4" tag="780"><subfield code="t">Crockett times</subfield><subfield code="w">(DLC)sn 89058004</subfield></datafield><datafield ind1="1" ind2="4" tag="780"><subfield code="t">Crockett County sentinel (Bells, Tenn. : 1940)</subfield><subfield code="w">(DLC)sn 97065449</subfield></datafield><datafield ind1="1" ind2="4" tag="780"><subfield code="t">Tri-county news (Friendship, Tenn.)</subfield><subfield code="w">(DLC)sn 89058083</subfield></datafield></record>